@article{Barringer:2014:DRS:2601097.2601222,
 author = {Barringer, Rasmus and Akenine-M\"{o}ller, Tomas},
 title = {Dynamic Ray Stream Traversal},
 journal = {ACM Trans. Graph.},
 issue_date = {July 2014},
 volume = {33},
 number = {4},
 month = jul,
 year = {2014},
 issn = {0730-0301},
 pages = {151:1--151:9},
 articleno = {151},
 numpages = {9},
 url = {http://doi.acm.org/10.1145/2601097.2601222},
 doi = {10.1145/2601097.2601222},
 acmid = {2601222},
 publisher = {ACM},
 address = {New York, NY, USA},
 keywords = {coherency, ray tracing, shading, traversal},
} 

@inproceedings {pgs.20141257,
booktitle = {Pacific Graphics Short Papers},
editor = {John Keyser and Young J. Kim and Peter Wonka},
title = {{Quantitative Analysis of Voxel Raytracing Acceleration Structures}},
author = {Chajdas, Matthäus G. and Westermann, Rüdiger},
year = {2014},
publisher = {The Eurographics Association},
ISBN = {978-3-905674-73-6},
DOI = {10.2312/pgs.20141257}
}

@thesis{Schirski:50085,
	author       = {Schirski, Marc},
	othercontributors = {Bischof, Christian},
	title        = {{I}nteractive particle tracing for the exploration of flow
	fields in virtual environments},
	publisher    = {Publikationsserver der RWTH Aachen University},
	pages        = {X, 139 S. : Ill., graph. Darst.},
	year         = {2008}
}

@ARTICLE{GarthPaper,
	author={Garth, C. and Joy, K.I.},
	journal={Visualization and Computer Graphics, IEEE Transactions on},
	title={Fast, Memory-Efficient Cell Location in Unstructured Grids for Visualization},
	year={2010},
	volume={16},
	number={6},
	pages={1541-1550},
	doi={10.1109/TVCG.2010.156},
	ISSN={1077-2626},
	month={Nov},}

@ARTICLE{BurgerStreakSurface, 
	author={K. Buerger and F. Ferstl and H. Theisel and R. Westermann}, 
	journal={IEEE Transactions on Visualization and Computer Graphics}, 
	title={Interactive Streak Surface Visualization on the GPU}, 
	year={2009}, 
	volume={15}, 
	number={6}, 
	pages={1259-1266}, 
	doi={10.1109/TVCG.2009.154}, 
	ISSN={1077-2626}, 
	month={Nov}}

@inproceedings{CampPaper, 
	author={D. Camp and H. Childs and C. Garth and D. Pugmire and K. I. Joy}, 
	booktitle={Large Data Analysis and Visualization (LDAV), 2012 IEEE Symposium on}, 
	title={Parallel stream surface computation for large data sets}, 
	year={2012}, 
	pages={39-47}, 
	month={Oct}}